<record><leader>00000cas a22000007a 4500</leader><controlfield tag="001">24487347</controlfield><controlfield tag="008">911002d19181918ncuwr ne      0    0eng d</controlfield><datafield ind1=" " ind2=" " tag="010"><subfield code="a">sn 91068156 </subfield></datafield><datafield ind1=" " ind2=" " tag="040"><subfield code="a">NVJ</subfield><subfield code="b">eng</subfield><subfield code="c">NVJ</subfield><subfield code="d">OCLCQ</subfield></datafield><datafield ind1=" " ind2=" " tag="042"><subfield code="a">msc</subfield></datafield><datafield ind1="0" ind2="4" tag="245"><subfield code="a">The Hendersonville visitor.</subfield></datafield><datafield ind1=" " ind2=" " tag="260"><subfield code="a">Hendersonville, N.C. :</subfield><subfield code="b">C.B. Eaves</subfield></datafield><datafield ind1=" " ind2=" " tag="300"><subfield code="a">v.</subfield></datafield><datafield ind1=" " ind2=" " tag="310"><subfield code="a">Weekly</subfield></datafield><datafield ind1="0" ind2=" " tag="362"><subfield code="a">Vol. 2, no. 66 (Feb. 5, 1918)-v. 2, no. 104 (Nov. 12, 1918).</subfield></datafield><datafield ind1=" " ind2=" " tag="752"><subfield code="a">United States</subfield><subfield code="b">North Carolina</subfield><subfield code="c">Henderson</subfield><subfield code="d">Hendersonville.</subfield></datafield><datafield ind1="0" ind2="0" tag="780"><subfield code="t">Visitor (Hendersonville, N.C.)</subfield><subfield code="w">(DLC)sn 91068155</subfield></datafield><datafield ind1="0" ind2="0" tag="785"><subfield code="t">News of Henderson County</subfield><subfield code="w">(DLC)sn 91068157</subfield></datafield></record>